@book{polya,
  author         = {P\'{o}lya, G.},
  publisher      = {Princeton University Press},
  title          = {How to Solve It},
  year           = {1945}
}

@incollection{schoenfeld,
  author         = {Schoenfeld, A. H.},
  booktitle      = {Handbook for Research on Mathematics Teaching and Learning},
  publisher      = {Macmillan},
  title          = {Learning to think mathematically: Problem solving, metacognition, and sense-making in mathematics},
  year           = {1992},
  pages          = {334-370}
}

@book{dudley,
  author         = {Dudley, U.},
  publisher      = {W. H. Freeman and Company},
  title          = {Elementary Number Theory},
  year           = {1969}
}

%Selected Problems of the Vietnamese Mathematical Olympiad (1962--2009)
\begin{comment}
\section*{Resources}
Here are some notes and materials that you might find useful when learning Mathematics Olympiad:
\begin{itemize}
\item \href{http://www.overleaf.comhttps://web.evanchen.cc/handouts/Syllabus/Syllabus.pdf}{Unofficial syllabus for math olympiads, by Evan Chen}
\item \href{https://web.evanchen.cc/handouts/english/english.pdf}{Notes on proof-writing style}
\item \href{https://artofproblemsolving.com/community/c13_contests}{AoPS Contest Collections}
\item \href{https://yufeizhao.com/olympiad/}{Yufei Zhao's olympiad handouts}
\item \href{https://web.evanchen.cc/olympiad.html}{Evan Chen's olympiad handouts}
\item \href{https://web.evanchen.cc/problems.html}{Olympiad Problems and Solutions, by Evan Chen}
\item \href{https://cms.math.ca/competitions/problem-solving-resources/}{Canadian Mathematical Society Resources}
\item \href{https://www.awesomemath.org/}{Mathematical Reflections}
\item 102 Combinatorial Problems, by Titu Andreescu \& Zuming Feng
\end{itemize}
\end{comment}
% Clear these:
% https://docs.google.com/document/d/1-6D87hdThjIWShodrmYhoZYsc1WppYR6d5tHkF1InbM/edit?pli=1
% https://www.omegalearn.org/mastering-amc1012
% https://artofmaths.files.wordpress.com/2014/06/mathematical-olympiad-treasures-2ed-springer-2011.pdf
% https://artofproblemsolving.com/wiki/index.php/Resources_for_mathematics_competitions
% https://services.artofproblemsolving.com/download.php?id=YXR0YWNobWVudHMvMS9mLzc1MTY3YmY1YmRiNDRiZDAyMWUyY2E0NzhlZGJmMWEyMDllYmE5&rn=Z2VvX25vdGVzLnBkZg==#:~:text=Phantom%20points.,that%20ABCD%EF%BF%BD%20is%20cyclic.&text=Use%20all%20the%20givens.

%Number theory: https://artofproblemsolving.com/articles/files/SatoNT.pdf
%https://www.math.cmu.edu/~ploh/olympiad.shtml
%https://www.imo-official.org/problems/IMO2019SL.pdf
%https://artofproblemsolving.com/wiki/index.php/Geometry/Olympiad
%https://artofproblemsolving.com/wiki/index.php/Resources_for_mathematics_competitions
%https://undergroundmathematics.org/divisibility-and-induction